@Misc{CiscoRTBH,
  author =       "Cisco Systems",
  title  =       "REMOTELY TRIGGERED BLACK HOLE FILTERING â€” DESTINATION BASED AND SOURCE BASED",
  howpublished = "\url{https://www.cisco.com/c/dam/en_us/about/security/intelligence/blackhole.pdf}",
  year =         2005,
  note =         "[Accessed January 2019]",
  }