@Misc{Erc16,
  author       = "Luc Didry",
  title        = "Erco: Exabgp Routes Controller",
  howpublished = "\url{https://erco.xyz/demo/}",
  year         = 2016,
  note         = "[Accessed January 2019]",
}

@Misc{Exa13,
  author       = "Exa-Network",
  title        = "ExaBGP",
  howpublished = "\url{https://github.com/Exa-Networks/exabgp}",
  year         = 2013,
  note         = "[Accessed January 2019]",
}

@Misc{Sys05,
  author       = "Cisco Systems",
  title        = "REMOTELY TRIGGERED BLACK HOLE FILTERING — DESTINATION BASED AND SOURCE BASED",
  howpublished = "\url{https://www.cisco.com/c/dam/en_us/about/security/intelligence/blackhole.pdf}",
  year         = 2005,
  note         = "[Accessed January 2019]",
}

@Misc{PMCB18,
  author       = "Enzo Peruzetto and Michel Massamiri and Pierre Chauveau and Remi Brisset",
  title        = "blackholepdp",
  howpublished = "\url{https://services.emi.u-bordeaux.fr/projet/git/blackholepdp}",
  year         = 2018,
  note         = "[Accessed January 2019]",
}

@book{TW11,
  author       = "Andrew Tanenbaum and David Wetheroll",
  publisher    = "Pearson",
  title        = "Réseaux",
  year         = "2011"
}

@book{DS09,
  author       = "Danièle Dromard and Dominique Seret",
  publisher    = "Pearson Education France",
  title        = "Architecture des réseaux",
  year         = "2009"
}

@Misc{Man10,
  author       = "Thomas Mangin",
  title        = "ExaBGP",
  howpublished = "\url{https://labs.ripe.net/Members/thomas_mangin/content-exabgp-new-tool-interact-bgp}",
  year         = 2010,
  note         = "[Accessed January 2019]",
}


@Misc{Cis18,
  author       = "Cisco",
  title        = "BGP Flowspec",
  howpublished = "\url{https://www.cisco.com/c/en/us/td/docs/routers/asr9000/software/asr9k_r5-2/routing/configuration/guide/b_routing_cg52xasr9k/b_routing_cg52xasr9k_chapter_011.html}",
  year         = 2018,
  note         = "[Accessed January 2019]",
}

@Misc{Fie00,
  author       = "Roy Thomas Fielding",
  title        = "Architectural Styles and the Design of Network-based Software Architectures",
  howpublished = "\url{https://www.ics.uci.edu/~fielding/pubs/dissertation/fielding_dissertation.pdf}",
  year         = 2000,
  note         = "[Accessed January 2019]",
}

@Misc{Did15,
  author       = "Luc Didry",
  title        = "Erco : Exabgp Routes Control­ler",
  howpublished = "\url{https://fiat-tux.fr/2015/09/22/erco-exabgp-routes-controller/}",
  year         = 2015,
  note         = "[Accessed January 2019]",
}

@Misc{Ans15,
  author       = "ANSSI",
  title        = "Comprendre et anticiper les attaques DDoS",
  howpublished = "\url{https://www.ssi.gouv.fr/uploads/2015/03/NP_Guide_DDoS.pdf}",
  year         = 2015,
  note         = "[Accessed January 2019]",
}

@Misc{Rfcrtbh09,
  author       = "W. Kumari and D. McPherson",
  title        = "Remote Triggered Black Hole Filtering with Unicast Reverse Path Forwarding (uRPF)",
  howpublished = "\url{https://tools.ietf.org/rfc/rfc5635.txt}",
  year         = 2009,
  note         = "[Accessed January 2019]",
}

@Misc{Rfcbgp06,
  author       = "Y. Rekhter and T. Li and S. Hares",
  title        = "A Border Gateway Protocol 4 (BGP-4)",
  howpublished = "\url{https://tools.ietf.org/rfc/rfc4271.txt}",
  year         = "2006",
  note         = "[Accessed January 2019]",
}